%% This BibTeX bibliography file was created using BibDesk.
%% http://bibdesk.sourceforge.net/

%% Created for Jacky Cao at 2016-02-11 22:31:07 +0000 


%% Saved with string encoding Unicode (UTF-8) 



@book{true,
	Address = {Florida, USA},
	Date-Added = {2016-02-11 22:27:59 +0000},
	Date-Modified = {2016-02-11 22:30:11 +0000},
	Edition = {92nd, 2011-2012},
	Editor = {W. M. Haynes},
	Publisher = {CRC Press, Taylor & Francis Group},
	Title = {CRC Handbook of Chemistry and Physics},
	Year = {2011}}

@book{uncert,
	Address = {Great Clarendon Stree, Oxford, UK},
	Author = {I. Hughes and T. Hase},
	Date-Added = {2016-02-11 22:26:16 +0000},
	Date-Modified = {2016-02-11 22:27:38 +0000},
	Publisher = {Oxford University Press},
	Title = {Measurements and their Uncertainties},
	Year = {2010}}

@book{decay,
	Address = {Harlow, Essex},
	Author = {Hugh D. Young and Roger A. Freedman},
	Publisher = {Pearson Education Limited},
	Title = {University Physics with Modern Physics, 13th Edition},
	Year = {2015}}
